@article{begley2012raise,
  title={Raise standards for preclinical cancer research},
  author={Begley, C Glenn and Ellis, Lee M},
  journal={Nature},
  volume={483},
  number={7391},
  pages={531--533},
  year={2012},
  publisher={Nature Publishing Group UK London}
}

@article{hardwicke2020calibrating,
  title={Calibrating the scientific ecosystem through meta-research},
  author={Hardwicke, Tom E and Serghiou, Stylianos and Janiaud, Perrine and Danchev, Valentin and Cr{\"u}well, Sophia and Goodman, Steven N and Ioannidis, John PA},
  journal={Annual Review of Statistics and Its Application},
  volume={7},
  number={1},
  pages={11--37},
  year={2020},
  publisher={Annual Reviews}
}

@article{baker2016,
  title   = {1,500 Scientists Lift the Lid on Reproducibility},
  author  = {Baker, Monya},
  journal = {Nature},
  volume  = {533},
  pages   = {452--454},
  year    = {2016},
  doi     = {10.1038/533452a}
}

@inproceedings{rule2018exploration,
  title={Exploration and explanation in computational notebooks},
  author={Rule, Adam and Tabard, Aur{\'e}lien and Hollan, James D},
  booktitle={Proceedings of the 2018 CHI conference on human factors in computing systems},
  pages={1--12},
  year={2018}
}

@article{munafo2017manifesto,
  title={A manifesto for reproducible science},
  author={Munaf{\`o}, Marcus R and Nosek, Brian A and Bishop, Dorothy VM and Button, Katherine S and Chambers, Christopher D and Percie du Sert, Nathalie and Simonsohn, Uri and Wagenmakers, Eric-Jan and Ware, Jennifer J and Ioannidis, John PA},
  journal={Nature human behaviour},
  volume={1},
  number={1},
  pages={0021},
  year={2017},
  publisher={Nature Publishing Group UK London}
}


@inproceedings{pimentel2019large,
  title={A large-scale study about quality and reproducibility of jupyter notebooks},
  author={Pimentel, Jo{\~a}o Felipe and Murta, Leonardo and Braganholo, Vanessa and Freire, Juliana},
  booktitle={2019 IEEE/ACM 16th international conference on mining software repositories (MSR)},
  pages={507--517},
  year={2019},
  organization={IEEE}
}




