%% This BibTeX bibliography file was created using BibDesk.
%% https://bibdesk.sourceforge.io/

%% Created for Arnstein Gjestland at 2025-09-15 13:50:31 +0200 


%% Saved with string encoding Unicode (UTF-8) 



@book{allaire2020,
	author = {Allaire, JJ and Xie, Yihui and McPherson, Jonathan and Luraschi, Javier and Ushey, Kevin and Atkins, Aron and Wickham, Hadley and Cheng, Joe and Chang, Winston and Iannone, Richard},
	date-added = {2025-09-15 13:30:41 +0200},
	date-modified = {2025-09-15 13:30:41 +0200},
	keywords = {done},
	note = {R package version 2.2},
	title = {Rmarkdown: {{Dynamic}} Documents for r},
	year = {2020}}

@article{barnes2010,
	author = {Barnes, Nick},
	date-added = {2025-09-15 13:30:41 +0200},
	date-modified = {2025-09-15 13:30:41 +0200},
	doi = {10.1038/467753a},
	file = {/Users/ag/Zotero/storage/JZAWWZNM/Barnes - 2010 - Publish your computer code it is good enough.pdf},
	issn = {0028-0836, 1476-4687},
	journal = {Nature},
	language = {en},
	month = oct,
	number = {7317},
	pages = {753--753},
	shorttitle = {Publish Your Computer Code},
	title = {Publish Your Computer Code: It Is Good Enough},
	volume = {467},
	year = {2010},
	bdsk-url-1 = {https://doi.org/10.1038/467753a}}

@article{bartlett2008,
	author = {Bartlett, J. W. and Frost, C.},
	date-added = {2025-09-15 13:30:41 +0200},
	date-modified = {2025-09-15 13:30:41 +0200},
	doi = {10.1002/uog.5256},
	issn = {1469-0705},
	journal = {Ultrasound in Obstetrics \& Gynecology: The Official Journal of the International Society of Ultrasound in Obstetrics and Gynecology},
	keywords = {Data Interpretation; Statistical,Humans,Models; Statistical,Observer Variation,Reproducibility of Results,Ultrasonography},
	language = {eng},
	month = apr,
	number = {4},
	pages = {466--475},
	pmid = {18306169},
	shorttitle = {Reliability, Repeatability and Reproducibility},
	title = {Reliability, Repeatability and Reproducibility: Analysis of Measurement Errors in Continuous Variables},
	volume = {31},
	year = {2008},
	bdsk-url-1 = {https://doi.org/10.1002/uog.5256}}

